%----------------------------------------------------------------------------------------
%	REFERENCES.
%----------------------------------------------------------------------------------------
%   Examples:                   https://verbosus.com/bibtex-style-examples.html
%   Required/ optional fields:  https://en.wikibooks.org/wiki/LaTeX/Bibliography_Management


@book{Holner,
    author    = {James R. Holton}, 
    title     = {An introduction to dynamic meteorology},
    publisher = {Elsevier},
    year      = 2004,
    volume    = 88,
    edition   = 4,
    isbn      = {0-12-354015-1}
}
	